@incollection{Beck2007,
    title = {{Games, Incompetence, and Training}},
    year = {2007},
    author = {Beck, Justin and Filar, Jerzy A.},
    booktitle = {{Advances in Dynamic Game Theory}},
    
    editor = {J{\o}rgensen, Steffen and Quincampoix, Marc and Vincent, Thomas L.},
    series = {Annals of the International Society of Dynamic Games},
    publisher = {Birkh{\"{a}}user},
    location = {Boston, MA},
    isbn = {978-0-8176-4553-3},
    pages = {93--110},
    doi = {10.1007/978-0-8176-4553-3{\_}5}
}

@article{Beck2011,
    title = {{Game Theory Implementation of Capability Investment Problem}},
    year = {2011},
    author = {Beck, Justin D.},
    journal = {Military Operations Research},

    volume = {16},
    number = {1}, 
    pages = {41-55}
}

@article{Beck2012,
    title = {{Incompetence and Impact of Training in Bimatrix Games}},
    year = {2012},
    author = {Beck, Justin D. and Ejov, Vladimir and Filar, Jerzy A.},
    journal = {Automatica},

    volumne = {48},
    number = {10},
    pages = {2400--2408},
    doi = {10.1016/j.automatica.2012.06.046}
}

@phdthesis{Beck2013,
    title = {{Incompetence, Training and Changing Capabilities in Game Theory}},
    year = {2013},
    author = {Beck, Justin},
    institution = {University of South Australia},

    location = {Adelaide, Australia}
}

@article{Borel1921,
    title = {{The Theory of Play and Integral Equations with Skew Symmetric Kernels}},
    year = {1953},
    author = {Borel, Emile},
    journal = {Econometrica},

    volume = {21},
    number = {1},
    pages = {97--100},
    translator = {Savage, Leonard J.}
}

@article{Borel1924,
    title = {{On Games that Involve Chance and the Skill of the Players}},
    year = {1953},
    author = {Borel, Emile},
    journal = {Econometrica},

    volume = {21},
    number = {1},
    pages = {101--115},
    translator = {Savage, Leonard J.}
}

@article{Borel1927,
    title = {{On Systems of Linear Forms of Skew Symmetric Determinant and the General Theory of Play}},
    year = {1953},
    author = {Borel, Emile},
    journal = {Econometrica},

    volume = {21},
    number = {1},
    pages = {116--117},
    translator = {Savage, Leonard J.}
}

@article{Dimand1992,
    title = {{The Early History of the Theory of Strategic Games from Waldegrave to Borel}},
    year = {1992},
    author = {Dimand, Robert and Dimand, Mary Ann},
    journal = {History of Political Economy},

    volumne = {24},
    pages = {15--27}
}

@book{Erciyes2018,
    title = {{Guide to Graph Algorithms}},
    year = {2018},
    author = {Erciyes, K.},
    
    publisher = {Springer},
    series = {Texts in Computer Science},
    isbn = {978-3-319-73235-0},
    doi = {10.1007/978-3-319-73235-0}
}

@book{Filar1997,
    title = {{Competitive Markov Decision Processes}},
    year = {1997},
    author = {Filar, J. A. and Vrieze, K.},

    publisher = {Springer},
    location = {New York, NY},
    url = {https://link.springer.com/book/10.1007/978-1-4612-4054-9},
    isbn = {978-1-4612-4054-9},
    doi = {10.1007/978-1-4612-4054-9}
}

@article{Fink1964,
    title = {{Equilibrium in a Stochastic n-Person Game}},
    year = {1964},
    author = {Fink, A. M.},
    journal = {Journal of Science of the Hiroshima University},

    number = {1},
    volume = {28},
    pages = {89--93},
    url = {https://projecteuclid.org/euclid.hmj/1206139508},
    doi = {10.32917/hmj/1206139508}
}

@article{Jansen1981,
    title = {{Regularity and Stability of Equilibrium Points of Bimatrix Games}},
    year = {1981},
    author = {Jansen, M. J. M.},
    journal = {Mathematics of Operations Research},

    volume = {6},
    number = {4},
    pages = {530--550},
    url = {https://www.jstor.org/stable/3689198}
}

@article{Kaplansky1945,
    title = {{A Contribution to Von Neumann's Theory of Games}},
    year = {1945},
    author = {Kaplansky, Irving},
    journal = {Annals of Mathematics},

    volume = {46},
    number = {3},
    pages = {474--479},
    doi = {10.2307/1969164},
    url = {https://www.jstor.org/stable/1969164}
}

@article{Kleshnina2018,
    title = {{Evolutionary Games under Incompetence}},
    year = {2018},
    author = {Kleshnina, Maria and Filar, Jerzy A. and Ejov, Vladimir and McKerral, Jody C.},
    journal = {Journal of Mathematical Biology},

    volume = {77},
    number = {3},
    pages = {627--646}
}

@article{Kleshnina2020,
    title = {{Prioritised Learning in Snowdrift-Type Games}},
    year = {2020},
    author = {Kleshnina, Maria and Streipert, Sabrina S. and Filar, Jerzy A. and Chatterjee, Krishnendu},
    journal = {Mathematics},

    volume = {8},
    number = {11}
}

@article{Larkey1997,
    title = {{Skill in Games}},
    year = {1997},
    author = {Larkey, Patrick and Kadane, Joseph B. and Austin, Robert and Zamir, Shmuel},
    journal = {Management Science},

    volume = {43},
    number = {5},
    page = {596--609}
}

@book{Maschler2013,
    title = {{Game Theory}},
    year = {2013},
    author = {Maschler, Michael and Solan, Eilon and Zamir, Shmuel},

    editor = {Borns, Mike},
    translator = {Hellman, Ziv},
    publisher = {Cambridge University Press},
    location = {Cambridge, UK},
    isbn = {978-0-511-79421-6},
    doi = {10.1017/CBO9780511794216}
}

@article{Nash1950,
    title = {{Equilibrium Points in $n$-Person Games}},
    year = {1950},
    author = {Nash, John F.},
    journal = {Proceedings of the National Academy of Sciences of the United States of America},

    volume = {36},
    number = {1},
    pages = {48--49},
    url = {www.jstor.org/stable/88031}
}

@article{Nash1951,
    title = {{Non-Cooperative Games}},
    year = {1951},
    author = {Nash, John F.},
    journal = {Annals of Mathematics},

    volume = {54},
    number = {2},
    pages = {286-295},
    url = {https://www.jstor.org/stable/1969529},
    doi = {10.2307/1969529}
}

@book{Osborne1994,
    title = {{A Course in Game Theory}},
    year = {1994},
    author = {Osborne, Martin J. and Rubinstein, Ariel},

    publisher = {MIT Press},
    location = {Cambridge, MA},
    isbn = {978-0-26265-040-3}
}

@book{Owen2013,
    title = {{Game Theory}},
    year = {2013},
    author = {Owen, Guillermo},

    edition = {4},
    publisher = {Emerald Group Publishing},
    location = {Bingley, United Kingdom},
    isbn = {978-1-78190-508-1},
}

@book{Schelling1980,
    title = {{The Strategy of Conflict}},
    year = {1980},
    author = {Schelling, Thomas C.},

    publisher = {Harvard University Press},
    location = {Cambridge, MA}
}

@article{Selten1975,
    title = {{Reexamination of the Perfectness Concept for Equilibrium Points in Extensive Games}},
    year = {1975},
    author = {Selten, Reinhard},
    journal = {International Journal of Game Theory},

    volume = {4},
    number = {1},
    pages = {25--55}
}

@article{Shapley1953,
    title = {{Stochastic Games}},
    year = {1953},
    author = {Shapley, L. S.},
    journal = {Proceedings of the National Academy of Sciences of the United States of America},

    volume = {39},
    number = {10},
    pages = {1095--1100},
    url = {https://www.jstor.org/stable/88799},
}

@book{Soltan2020,
    title = {{Lectures on Convex Sets}},
    year = {2020},
    author = {Soltan, Valeriu},

    publisher = {World Scientific Publishing},
    location = {Singapore, SG},
    doi= {10.1142/11328}
}

@incollection{vonStengel2007,
    title = {{Equilibrium Computation for Two-Player Games in Strategic and Extensive Form}},
    year = {2007},
    author = {von Stengel, Bernhard},
    booktitle = {Algorithmic Game Theory},

    editor = {Nisan, Noam and Roughgarden, Tim and Tardos, \'{E}va and Vazirani, Vijay V.},
    publisher = {Cambridge University Press},
    location = {New York, NY}
}

@incollection{vonNeumann1959,
    title = {{On the Theory of Games of Strategy}},
    year = {1959},
    author = {von Neumann, John},
    booktitle = {Contributions to the Theory of Games},

    editor = {Tucker, A. W. and Luce, R. D.},
    translator = {Bargmann, Sonya},
    volume = {4},
    series = {Annals of Mathematics Studies},
    number = {40},
    publisher = {Princeton University Press},
    location = {Princeton, NJ},
    isbn = {978-1-4008-8216-8},
    pages = {13--42},
    doi = {10.2307/j.ctt1b9x23d},
    url = {https://www.jstor.org/stable/j.ctt1b9x23d}
}

@book{vonNeumann2004,
    title = {{Theory of Games and Economic Behaviour}},
    year = {2004},
    author = {von Neumann, John and Morgenstern, Oskar},

    edition = {60th anniversary},
    publisher = {Princeton University Press},
    series = {Princeton Classic Editions},
    introduction = {Kuhn, W. Harold},
    afterword = {Rubinstein, Ariel},
    location = {Princeton, NJ},
    isbn = {978-0-691-11993-9}
}

@article{Wooldridge2012,
    title = {{Does Game Theory Work?}},
    year = {2012},
    author = {Wooldridge, Michael},
    journal = {IEEE Intelligent Systems},

    volume = {27},
    number = {6},
    page = {76--80}
}